@article{jurek2012characterised,
  title={The Characterised Noise Hi source finder: Detecting Hi galaxies using a novel implementation of matched filtering},
  author={Jurek, Russell},
  journal={Publications of the Astronomical Society of Australia},
  volume={29},
  number={3},
  pages={251--261},
  year={2012},
  publisher={CSIRO}
}

@article{holwerda2010trumpeting,
  title={Trumpeting the Vuvuzela: UltraDeep HI observations with MeerKAT},
  author={Holwerda, Benne Willem and Blyth, Sarah-Louise},
  journal={arXiv preprint arXiv:1007.4101},
  year={2010}
}


@article{westerlund2012assessing,
  title={Assessing the Accuracy of Radio Astronomy Source-Finding Algorithms},
  author={Westerlund, Stefan and Harris, Christopher and Westmeier, Tobias},
  journal={Publications of the Astronomical Society of Australia},
  volume={29},
  number={3},
  pages={301--308},
  year={2012},
  publisher={CSIRO}
}

@article{popping2012comparison,
  title={Comparison of potential ASKAP HI survey source finders},
  author={Popping, Attila and Jurek, Russell and Westmeier, Tobias and Serra, Paolo and Fl{\"o}er, L and Meyer, Martin and Koribalski, Baerbel},
  journal={Publications of the Astronomical Society of Australia},
  volume={29},
  number={03},
  pages={318--339},
  year={2012},
  publisher={Cambridge Univ Press}
}

@article{floer20122d,
  title={2d--1d wavelet reconstruction as a tool for source finding in spectroscopic imaging surveys},
  author={Fl{\"o}er, Lars and Winkel, Benjamin},
  journal={Publications of the Astronomical Society of Australia},
  volume={29},
  number={3},
  pages={244--250},
  year={2012},
  publisher={CSIRO}
}

@article{westerlund2015performance,
  title={Performance analysis of GPU-accelerated filter-based source finding for HI spectral line image data},
  author={Westerlund, Stefan and Harris, Christopher},
  journal={Experimental Astronomy},
  volume={39},
  number={1},
  pages={95--117},
  year={2015},
  publisher={Springer}
}


@article{whiting2012duchamp,
  title={duchamp: a 3D source finder for spectral-line data},
  author={Whiting, Matthew T},
  journal={Monthly Notices of the Royal Astronomical Society},
  volume={421},
  number={4},
  pages={3242--3256},
  year={2012},
  publisher={Oxford University Press}
}

@article{serra2015sofia,
  title={SoFiA: a flexible source finder for 3D spectral line data},
  author={Serra, Paolo and Westmeier, Tobias and Giese, Nadine and Jurek, Russell and Fl{\"o}er, Lars and Popping, Attila and Winkel, Benjamin and van der Hulst, Thijs and Meyer, Martin and Koribalski, B{\"a}rbel S and others},
  journal={arXiv preprint arXiv:1501.03906},
  year={2015}
}

@article{westerlund2014framework,
  title={A Framework for HI Spectral Source Finding Using Distributed-Memory Supercomputing},
  author={Westerlund, Stefan and Harris, Christopher},
  journal={Publications of the Astronomical Society of Australia},
  volume={31},
  pages={e023},
  year={2014},
  publisher={Cambridge Univ Press}
}

@article{scott,
    title={Acceleration of the noise suppression component of the DUCHAMP source-finder.},
    author={Badenhorst},
    year={2015}
}
@article{serra2012atlas3d,
  title={The ATLAS3D project--XIII. Mass and morphology of H i in early-type galaxies as a function of environment},
  author={Serra, Paolo and Oosterloo, Tom and Morganti, Raffaella and Alatalo, Katherine and Blitz, Leo and Bois, Maxime and Bournaud, Fr{\'e}d{\'e}ric and Bureau, Martin and Cappellari, Michele and Crocker, Alison F and others},
  journal={Monthly Notices of the Royal Astronomical Society},
  volume={422},
  number={3},
  pages={1835--1862},
  year={2012},
  publisher={Oxford University Press}
}

@article{whiting2012source,
  title={Source-finding for the australian square kilometre array pathfinder},
  author={Whiting, Matthew and Humphreys, Ben},
  journal={Publications of the Astronomical Society of Australia},
  volume={29},
  number={3},
  pages={371--381},
  year={2012},
  publisher={CSIRO}
}

@article{floer2014source,
  title={Source finding, parametrization, and classification for the extragalactic Effelsberg-Bonn H i Survey},
  author={Fl{\"o}er, Lars and Winkel, Benjamin and Kerp, J{\"u}rgen},
  journal={Astronomy \& Astrophysics},
  volume={569},
  pages={A101},
  year={2014},
  publisher={EDP Sciences}
}

@inproceedings{laidler2013detection,
  title={Detection of binary pulsars with GPU-accelerated sinusoidal Hough transformations.},
  author={Laidler, Christopher and Kuttel, Michelle M},
  booktitle={Astronomical Data Analysis Software and Systems XXII},
  volume={475},
  pages={83},
  year={2013}
}

@article{hassan2011unleashing,
  title={Unleashing the power of distributed CPU/GPU architectures: Massive astronomical data analysis and visualization case study},
  author={Hassan, AH and Fluke, Christopher J and Barnes, David G},
  journal={arXiv preprint arXiv:1111.6661},
  year={2011}
}

@article{walsh2012maser,
  title={Maser Source-Finding Methods in HOPS},
  author={Walsh, Andrew J and Purcell, Cormac and Longmore, Steven and Jordan, Christopher H and Lowe, Vicki},
  journal={Publications of the Astronomical Society of Australia},
  volume={29},
  number={03},
  pages={262--268},
  year={2012},
  publisher={Cambridge Univ Press}
}

@article{lutz1980algorithm,
  title={An algorithm for the real time analysis of digitised images},
  author={Lutz, RK},
  journal={The Computer Journal},
  volume={23},
  number={3},
  pages={262--269},
  year={1980},
  publisher={Br Computer Soc}
}

@article{cavuoti2014astrophysical,
  title={Astrophysical data mining with GPU. A case study: genetic classification of globular clusters},
  author={Cavuoti, Stefano and Garofalo, Mauro and Brescia, Massimo and Paolillo, Maurizio and Pescape, Antonio and Longo, Giuseppe and Ventre, Giorgio},
  journal={New Astronomy},
  volume={26},
  pages={12--22},
  year={2014},
  publisher={Elsevier}
}

@article{michalakes2008gpu,
  title={GPU acceleration of numerical weather prediction},
  author={Michalakes, John and Vachharajani, Manish},
  journal={Parallel Processing Letters},
  volume={18},
  number={04},
  pages={531--548},
  year={2008},
  publisher={World Scientific}
  }

@article{wong2006northern,
  title={The Northern HIPASS catalogue--data presentation, completeness and reliability measures},
  author={Wong, OI and Ryan-Weber, Emma V and Garcia-Appadoo, DA and Webster, Rachel L and Staveley-Smith, Lister and Zwaan, Martin A and Meyer, Michael J and Barnes, DG and Kilborn, Virginia A and Bhathal, Ragbir and others},
  journal={Monthly Notices of the Royal Astronomical Society},
  volume={371},
  number={4},
  pages={1855--1864},
  year={2006},
  publisher={Oxford University Press}
}

@article{fluke2011astrophysical,
  title={Astrophysical supercomputing with GPUs: critical decisions for early adopters},
  author={Fluke, Christopher J and Barnes, David G and Barsdell, Benjamin R and Hassan, Amr H},
  journal={Publications of the Astronomical Society of Australia},
  volume={28},
  number={01},
  pages={15--27},
  year={2011},
  publisher={Cambridge Univ Press}
}

@phdthesis{boyce2003gammafinder,
  title={GammaFinder: a java application to find galaxies in astronomical spectral line data cubes},
  author={Boyce, Peter James},
  year={2003},
  school={Citeseer}
}
